@inproceedings{said2014biometric,
  title={Biometric attendance},
  author={Said, MA Meor and Misran, MH and Othman, MA and Ismail, MM and Sulaiman, HA and Salleh, A and Yusop, N},
  booktitle={2014 International Symposium on Technology Management and Emerging Technologies},
  pages={258--263},
  year={2014},
  organization={IEEE}
}

@electronic{IoTDesignPro,
  author = {IoTDesignPro},
  title = {ESP32 Data Logging to Google Sheets with Google Scripts},
  url = {https://iotdesignpro.com/articles/esp32-data-logging-to-google-sheets-with-google-scripts},
  note = {Accessed: 2022-04-22},
}

@ARTICLE{huynhthe2021,
  author={Huynh-The, Thien and Hua, Cam-Hao and Tu, Nguyen Anh and Kim, Dong-Seong},
  journal={IEEE Internet of Things Journal}, 
  title={Physical Activity Recognition With Statistical-Deep Fusion Model Using Multiple Sensory Data for Smart Health}, 
  year={2021},
  volume={8},
  number={3},
  pages={1533-1543},
  doi={10.1109/JIOT.2020.3013272}}

@ARTICLE{zhu2022,
  author={Zhu, Zeyu and Zhao, Huijing},
  journal={IEEE Transactions on Intelligent Transportation Systems}, 
  title={A Survey of Deep RL and IL for Autonomous Driving Policy Learning}, 
  year={2022},
  volume={23},
  number={9},
  pages={14043-14065},
  doi={10.1109/TITS.2021.3134702}}
