@INPROCEEDINGS{huynhthe2023intelligence,
  author={Huynh-The, Thien and Pham, Quoc-Viet and Vu, Thai-Hoc and da Costa, Daniel Benevides and Hoang, Van-Phuc},
  booktitle={Proc. 2023 IEEE Statistical Signal Processing Workshop (SSP)}, 
  title={Intelligent Spectrum Sensing with ConvNet for {5G} and {LTE} Signals Identification}, 
  year={2023},
  month={Jul.},
  address={Hanoi, Vietnam},
  pages={140-144}}

@ARTICLE{zhou2020unetplus,
  author={Zhou, Zongwei and Siddiquee, Md Mahfuzur Rahman and Tajbakhsh, Nima and Liang, Jianming},
  journal={IEEE Transactions on Medical Imaging}, 
  title={{UNet++}: Redesigning Skip Connections to Exploit Multiscale Features in Image Segmentation}, 
  year={2020},
  month = {Jun.},
  volume={39},
  number={6},
  pages={1856-1867}}

@ARTICLE{YucekSpectrumSensing,
  author={Yucek, Tevfik and Arslan, Huseyin},
  journal={IEEE Communications Surveys \& Tutorials}, 
  title={A survey of spectrum sensing algorithms for cognitive radio applications}, 
  year={2009},
  month={Mar.},
  volume={11},
  number={1},
  pages={116-130}}

@article{kumar2024analysis,
  title={Analysis of spectrum sensing using deep learning algorithms: {CNNs and RNNs}},
  author={Kumar, Arun and Gaur, Nishant and Chakravarty, Sumit and Alsharif, Mohammed H and Uthansakul, Peerapong and Uthansakul, Monthippa},
  journal={Ain Shams Engineering Journal},
  volume={15},
  number={3},
  pages={102505},
  year={2024},
  month={Mar.},
  publisher={Elsevier}}

@article{ali2016advances,
  author={Ali, Abdelmohsen and Hamouda, Walaa},
  journal={IEEE Communications Surveys \& Tutorials}, 
  title={Advances on Spectrum Sensing for Cognitive Radio Networks: Theory and Applications}, 
  year={2017},
  month={Jun.},
  volume={19},
  number={2},
  pages={1277-1304}}

@article{liyanaarachchi2021optimized,
  title={Optimized waveforms for {5G--6G} communication with sensing: Theory, simulations and experiments},
  author={Liyanaarachchi, Sahan Damith and Riihonen, Taneli and Barneto, Carlos Baquero and Valkama, Mikko},
  journal={IEEE Transactions on Wireless Communications},
  volume={20},
  number={12},
  pages={8301--8315},
  year={2021},
  month={Dec.},
  publisher={IEEE}
}

@article{gao2019deep,
  title={Deep learning for spectrum sensing},
  author={Gao, Jiabao and Yi, Xuemei and Zhong, Caijun and Chen, Xiaoming and Zhang, Zhaoyang},
  journal={IEEE Wireless Communications Letters},
  volume={8},
  number={6},
  pages={1727--1730},
  year={2019},
  month={Dec.},
  publisher={IEEE}
}

@article{wang2021applications,
  author={Wang, Shen and Qureshi, M. Atif and Miralles-Pechuán, Luis and Huynh-The, Thien and Gadekallu, Thippa Reddy and Liyanage, Madhusanka},
  journal={IEEE Open Journal of the Communications Society}, 
  title={Explainable {AI for 6G} Use Cases: Technical Aspects and Research Challenges}, 
  year={2024},
  month={Apr.},
  volume={},
  number={},
  pages={1-1},
}

@article{huynh2024improved,
  title={Improved Waveform Classification for Integrated Radar-Communication {6 G} Systems Via Convolutional Neural Networks},
  author={Huynh-The, Thien and Luong, Nguyen Cong and Phan, Hoc and da Costa, Daniel Benevides and Pham, Quoc-Viet},
  journal={IEEE Transactions on Vehicular Technology},
  year={2024},
  month={Apr.},
  publisher={IEEE}
}

@inproceedings{nguyen2023accurate,
  title={Accurate Spectrum Sensing with Improved {DeepLabV3+ for 5G-LTE} Signals Identification},
  author={Nguyen, Gia-Vuong and Phan, Ca Van and Huynh-The, Thien},
  booktitle={Proc. 2023 of the 12th International Symposium on Information and Communication Technology},
  pages={221--227},
  year={2023},
  month={Dec.},
  address={HoChiMinh, Vietnam}
}

@ARTICLE{ronneberger2015u,
  author={Weng, Weihao and Zhu, Xin},
  journal={IEEE Access}, 
  title={{INet}: Convolutional Networks for Biomedical Image Segmentation}, 
  year={2021},
  month={Jan.},
  volume={9},
  number={},
  pages={16591-16603},
}

@article{zhou2019unet++,
  title={{Unet++}: Redesigning skip connections to exploit multiscale features in image segmentation},
  author={Zhou, Zongwei and Siddiquee, Md Mahfuzur Rahman and Tajbakhsh, Nima and Liang, Jianming},
  journal={IEEE transactions on medical imaging},
  volume={39},
  number={6},
  pages={1856--1867},
  year={2019},
  month={Jun.},
  publisher={IEEE}
}

@INPROCEEDINGS{AlomNuclei,
   author={Alom, Md Zahangir and Yakopcic, Chris and Taha, Tarek M. and Asari, Vijayan K.},
  booktitle={Proc. 2018 - IEEE National Aerospace and Electronics Conference}, 
  title={Nuclei Segmentation with Recurrent Residual Convolutional Neural Networks based {U-Net (R2U-Net)}}, 
  year={2018},
  month={Dec.},
  volume={},
  number={},
  pages={228-233},
}

@INPROCEEDINGS{CholletXception,
  author={Chollet, François},
  booktitle={Proc. 2017 IEEE Conference on Computer Vision and Pattern Recognition (CVPR)}, 
  title={{Xception}: Deep Learning with Depthwise Separable Convolutions}, 
  year={2017},
  volume={},
  month={Nov.},
  number={},
  pages={1800-1807},
}

@inproceedings{he2016deep,
  author={He, Kaiming and Zhang, Xiangyu and Ren, Shaoqing and Sun, Jian},
  booktitle={Proc. 2016 IEEE Conference on Computer Vision and Pattern Recognition (CVPR)}, 
  title={Deep Residual Learning for Image Recognition}, 
  year={2016},
  month={Dec.},
  volume={},
  number={},
  pages={770-778},
}

@article{aghalari2021brain,
  title={Brain tumor image segmentation via asymmetric/symmetric UNet based on two-pathway-residual blocks},
  author={Aghalari, Motahareh and Aghagolzadeh, Ali and Ezoji, Mehdi},
  journal={Biomedical signal processing and control},
  volume={69},
  pages={102841},
  year={2021},
  month={Aug.},
  publisher={Elsevier}
}

@ARTICLE{ChenAtrous,
   author={Chen, Liang-Chieh and Papandreou, George and Kokkinos, Iasonas and Murphy, Kevin and Yuille, Alan L.},
  journal={IEEE Transactions on Pattern Analysis and Machine Intelligence}, 
  title={{DeepLab}: Semantic Image Segmentation with Deep Convolutional Nets, Atrous Convolution, and Fully Connected CRFs}, 
  year={2018},
  month={Apr.},
  volume={40},
  number={4},
  pages={834-848},
}

@article{lin20215g,
  title={{5G} and Beyond},
  author={Lin, Xingqin and Lee, Namyoon},
  journal={Cham, Switzerland: Springer Nature Switzerland AG},
  year={2021},
  publisher={Springer}
}

@article{janiesch2021machine,
  title={Machine learning and deep learning},
  author={Janiesch, Christian and Zschech, Patrick and Heinrich, Kai},
  journal={Electronic Markets},
  volume={31},
  number={3},
  pages={685--695},
  year={2021},
  publisher={Springer}
}

@article{leonard2019image,
  title={Image classification and object detection algorithm based on convolutional neural network},
  author={Leonard, Juan K},
  journal={Science Insights},
  volume={31},
  number={1},
  pages={85--100},
  year={2019}
}

@article{minaee2021image,
  title={Image segmentation using deep learning: A survey},
  author={Minaee, Shervin and Boykov, Yuri and Porikli, Fatih and Plaza, Antonio and Kehtarnavaz, Nasser and Terzopoulos, Demetri},
  journal={IEEE transactions on pattern analysis and machine intelligence},
  volume={44},
  number={7},
  pages={3523--3542},
  year={2021},
  publisher={IEEE}
}

@article{badrinarayanan2017segnet,
  title={Segnet: A deep convolutional encoder-decoder architecture for image segmentation},
  author={Badrinarayanan, Vijay and Kendall, Alex and Cipolla, Roberto},
  journal={IEEE transactions on pattern analysis and machine intelligence},
  volume={39},
  number={12},
  pages={2481--2495},
  year={2017},
  publisher={IEEE}
}

@inproceedings{wu2019squeezesegv2,
  title={Squeezesegv2: Improved model structure and unsupervised domain adaptation for road-object segmentation from a lidar point cloud},
  author={Wu, Bichen and Zhou, Xuanyu and Zhao, Sicheng and Yue, Xiangyu and Keutzer, Kurt},
  booktitle={2019 international conference on robotics and automation (ICRA)},
  pages={4376--4382},
  year={2019},
  organization={IEEE}
}
